<record><leader>00000cas a22000007a 4500</leader><controlfield tag="001">15022922</controlfield><controlfield tag="008">861230d18381855pauwr ne      0    0eng d</controlfield><datafield ind1=" " ind2=" " tag="010"><subfield code="a">sn 88080780 </subfield></datafield><datafield ind1=" " ind2=" " tag="040"><subfield code="a">NPH</subfield><subfield code="b">eng</subfield><subfield code="c">NPH</subfield><subfield code="d">OCLCQ</subfield></datafield><datafield ind1=" " ind2=" " tag="042"><subfield code="a">msc</subfield></datafield><datafield ind1="0" ind2=" " tag="130"><subfield code="a">Jeffersonian (Brookville, Pa. : 1850)</subfield></datafield><datafield ind1="1" ind2="4" tag="245"><subfield code="a">The Jeffersonian.</subfield></datafield><datafield ind1="1" ind2="3" tag="246"><subfield code="a">Brookville Jeffersonian</subfield></datafield><datafield ind1=" " ind2=" " tag="260"><subfield code="a">Brookville, Jefferson Co., Pa. :</subfield><subfield code="b">E.R. Brady &amp; W.W. Wise</subfield></datafield><datafield ind1=" " ind2=" " tag="300"><subfield code="a">v.</subfield></datafield><datafield ind1=" " ind2=" " tag="310"><subfield code="a">Weekly</subfield></datafield><datafield ind1="1" ind2=" " tag="362"><subfield code="a">Began in 1838? Ceased in 1855?</subfield></datafield><datafield ind1=" " ind2=" " tag="515"><subfield code="a">Issues for &lt;Apr. 27, 1850&gt; called also &lt;whole no. 290&gt;.</subfield></datafield><datafield ind1=" " ind2=" " tag="588"><subfield code="a">Description based on: New ser., v. 1, no. 41 (Apr. 27, 1850).</subfield></datafield><datafield ind1=" " ind2=" " tag="752"><subfield code="a">United States</subfield><subfield code="b">Pennsylvania</subfield><subfield code="c">Jefferson</subfield><subfield code="d">Brookville.</subfield></datafield><datafield ind1="0" ind2="0" tag="785"><subfield code="t">Brookville Jeffersonian (Brookville, Pa. : 1855)</subfield><subfield code="w">(DLC)sn 87078260</subfield></datafield></record>